<record><leader>00000cas a22000007a 4500</leader><controlfield tag="001">26182077</controlfield><controlfield tag="008">920714d192019uuarumr ne      0    0eng d</controlfield><datafield ind1=" " ind2=" " tag="010"><subfield code="a">sn 92050135 </subfield></datafield><datafield ind1=" " ind2=" " tag="040"><subfield code="a">ANU</subfield><subfield code="b">eng</subfield><subfield code="c">ANU</subfield><subfield code="d">OCLCQ</subfield><subfield code="d">OCLCO</subfield><subfield code="d">OCLCA</subfield></datafield><datafield ind1=" " ind2=" " tag="042"><subfield code="a">msc</subfield></datafield><datafield ind1=" " ind2=" " tag="043"><subfield code="a">n-us-ar</subfield></datafield><datafield ind1="0" ind2="0" tag="245"><subfield code="a">Bauxite news.</subfield></datafield><datafield ind1=" " ind2=" " tag="260"><subfield code="a">Bauxite [Ark.] :</subfield><subfield code="b">Aluminum Co. of America</subfield></datafield><datafield ind1=" " ind2=" " tag="300"><subfield code="a">v.</subfield></datafield><datafield ind1=" " ind2=" " tag="310"><subfield code="a">Monthly</subfield></datafield><datafield ind1="0" ind2=" " tag="362"><subfield code="a">Vol. 1, no. 1 (June 1920)-</subfield></datafield><datafield ind1=" " ind2=" " tag="500"><subfield code="a">"Published monthly for free distribution to employees of the American Bauxite Company."</subfield></datafield><datafield ind1="2" ind2="0" tag="610"><subfield code="a">American Bauxite Company (Aluminum Company of America)</subfield></datafield><datafield ind1=" " ind2="0" tag="650"><subfield code="a">Aluminum industry and trade</subfield><subfield code="z">Arkansas</subfield><subfield code="v">Newspapers.</subfield></datafield><datafield ind1=" " ind2="0" tag="650"><subfield code="a">Mines and mineral resources</subfield><subfield code="z">Arkansas</subfield><subfield code="v">Newspapers.</subfield></datafield><datafield ind1=" " ind2=" " tag="752"><subfield code="a">United States</subfield><subfield code="b">Arkansas</subfield><subfield code="c">Saline</subfield><subfield code="d">Bauxite.</subfield></datafield></record>